<?xml version="1.0" encoding="UTF-8"?><collection xmlns="http://www.loc.gov/MARC21/slim"><record><leader>00417nam--2200145-i-4500</leader><controlfield tag="001">000043696</controlfield><controlfield tag="002">20161230</controlfield><controlfield tag="005">20161230201044</controlfield><controlfield tag="008">060222s1000------------r-----000-0-eng-d</controlfield><datafield ind1=" " ind2=" " tag="080"><subfield code="a">516+517(075.3)</subfield></datafield><datafield ind1=" " ind2=" " tag="100"><subfield code="a">Tarasov,N.P</subfield></datafield><datafield ind1=" " ind2=" " tag="245"><subfield code="a">Mjanual de matematici superioare. pentru uzul scolilor medii tehnice</subfield></datafield><datafield ind1=" " ind2=" " tag="260"><subfield code="a">Bucuresti, Ed.Tehnica, 1953. 320 P. + Fig</subfield></datafield><datafield ind1=" " ind2=" " tag="852"><subfield code="a">1162</subfield><subfield code="c">517.2</subfield></datafield><datafield ind1=" " ind2=" " tag="CAT"><subfield code="a">Sys</subfield><subfield code="c">20080717</subfield><subfield code="h">071045</subfield></datafield></record></collection>